%@book{adams1995hitchhiker,
%  title={The Hitchhiker's Guide to the Galaxy},
%  author={Adams, D.},
%  isbn={9781417642595},
%  url={http://books.google.com/books?id=W-xMPgAACAAJ},
%  year={1995},
%  publisher={San Val}
%}

\begin{thebibliography}{9}


@book{ParStatChen,
  title={Parametric Statistical Change Point Analysis: With Applications to Genetics, Medicine, and Finance},
  author={Chen, J. and Gupta, A.K.},
  isbn={0817648003},
  url={http://www.amazon.com/Parametric-Statistical-Change-Point-Analysis/dp/0817648003},
  year={2012},
  publisher={Springer}
}


@book{NonParamRev,
  title={Nonparametric Methods in Change Point Problems},
  author={Brodsky, E. and Darkhovsky, B.S.},
  isbn={978-94-015-8163-9},
  url={http://www.springer.com/statistics/statistical+theory+and+methods/book/978-0-7923-2122-4?token=gbgen&wt_mc=GoogleBooks.GoogleBooks.3.EN},
  year={1993},
  publisher={Springer}
}


@article{wm1,
  title={Sequential Changepoint Detection in Quality Control and Dynamical Systems},
  author={Lai, T.L.},
  journal = {Journal of the Royal Statistical Society}, 
  year    = {1995},
  volume  = {57}, 
  pages   = {613--658}
}

@article{wm2,
  title={Information Bounds and Quick Detection of Parameter Changes in Stochastic Systems},
  author={Lai, T.L.},
  journal = {IEEE Transactions on Information Theory}, 
  year    = {1998},
  volume  = {77}, 
  pages   = {2917--2929}
}



@article{Spok1,
  title={Parametric estimation. Finite sample theory},
  author={Spokoiny, V.},
  journal = { Ann. Stat.}, 
  year    = {2012},
  volume  = {40}, 
  pages   = {2877--2909}
}

@ARTICLE{Nikif,
  title={A Lower Bound for the Detection/Isolation Delay in a Class of Sequential Tests},
  author={Nikiforov, I.},
  journal = {IEEE Trans. Inf. Theory}, 
  year    = {2003},
  volume  = {49}, 
  pages   = {3037--3047}
}

@ARTICLE{Lavielle,
  title={Detection of Multiple Change–Points in Multivariate Time Series},
  author={Lavielle, M. and Teyssiere, G.},
  journal = {Lithuanian Math. J.}, 
  year    = {2006},
  volume  = {46}, 
  pages   = {287--306}
}

@ARTICLE{Tartak,
  title={Detection of intrusions in information systems by sequential change-point methods},
  author={Tartakovsky, A. and Rozovskii, B. and  Blažek, R. and Kim, H.},
  journal = {Stat. Methodology}, 
  year    = {2006},
  volume  = {3}, 
  pages   = {252-–340}
}

@ARTICLE{Casas,
  title={Optimal volume anomaly detection and isolation in large-scale IP networks using coarse-grained measurements},
  author={Casas, Pedro and Vaton, Sandrine and Fillatre, Lionel and Nikiforov, Igor},
  journal={Computer Networks},
  volume={54},
  number={11},
  pages={1750--1766},
  year={2010},
  publisher={Elsevier}
}


@ARTICLE{wilks2013,
  title={Penalized maximum likelihood estimation and effective dimension},
  author={Spokoiny, V.},
  journal = {eprint arXiv:1205.0498}, 
  year    = {2012},
}


@ARTICLE{SpokoinyBoot,
  title   = {Bootstrap confidence sets under a model misspecification},
  author  = {Spokoiny, V. and Zhilova, M.},
  journal = {Preprint no. 1992, WIAS},
  year    = {2014}
}

@ARTICLE{ChernozukovBoot,
  title   = {Gaussian approximations and multiplier bootstrap for maxima of sums of high-dimensional random vectors},
  author  = {Chernozhukov, V. and Chetverikov, D. and Kato, K.},
  journal = {Ann. of Stat.},
  year    = {2013},
  volume  = {41}, 
  pages   = {2786–-2819}
}

@ARTICLE{GLR_Siegm,
  title   = {Using the Generalized Likelihood Ratio Statistic for Sequential Detection of a Change-Point},
  author  = {Siegmund, D. and Ventkartman, E. S.},
  journal = {Ann. of Stat.},
  year    = {1995},
  volume = {23},
  pages = {255--271}
}

@ARTICLE{nonParamMLE,
  title   = {Nonparametric maximum likelihood approach to multiple change-point problems},
  author={Zou, Changliang and Yin, Guosheng and Feng, Long and Wang, Zhaojun and others},
journal={The Annals of Statistics},
  volume={42},
  number={3},
  pages={970--1002},
  year={2014},
  publisher={Institute of Mathematical Statistics}
}


@ARTICLE{LRTWilks,
  title={Generalized likelihood ratio statistics and Wilks phenomenon},
  author={Fan, Jianqing and Zhang, Chunming and Zhang, Jian},
  journal={Annals of Statistics},
  pages={153--193},
  year={2001},
  publisher={JSTOR}
}

@ARTICLE{RecombBaeysian,
title={Detection of recombination events in bacterial genomes from large population samples},
  author={Marttinen, Pekka and Hanage, William P and Croucher, Nicholas J and Connor, Thomas R and Harris, Simon R and Bentley, Stephen D and Corander, Jukka},
  journal={Nucleic acids research},
  pages={gkr928},
  year={2011},
  publisher={Oxford Univ Press}
}

@ARTICLE{ReviewPolun,
  title   = {State-of-the-Art in Sequential Change-Point Detection},
  author  = {Polunchenko, A. and Tartakovsky, A.},
  journal = {Methodol. Comput. Appl. Probab.},
  year    = {2011},
  volume = {14},
  pages = {649--684}
}

@ARTICLE{QualContr1,
  title   = {Sequential Changepoint Detection in Quality Control and Dynamical Systems},
  author  = {Lai, T.},
  journal = {J. of the Roy. Stat. Soc.},
  volume = {57},
  pages = {613--658},
  year    = {1995}
}



@InProceedings{Cyber1,
    author = {Blaˇzek, R. and Kim, H.},
    title = {A novel approach to detection of denial–of–service attacks via adaptive sequential and batch–sequential change–point  detection methods},
    booktitle = {Proc. of IEEE Workshop on Systems, Man, and Cybernetics Information Assurance},
    month = June,
    year = 2001
   % publisher = {ACM Press},
   % editor = {David Kurlander and Marc Brown and Ramana Rao},
   % pages = {41-50},
}


%@ARTICLE{Cyber1,
%  title   = {A novel approach to detection of denial–of–service attacks via adaptive sequential and batch–sequential change–point  detection methods},
%  author  = {Blaˇzek, R. and Kim, H.},
%  journal = {TODO},
%  volume = {TODO},
%  pages = {TODO},
%  year    = {TODO}
%}

@ARTICLE{Cyber2,
  title={Change-point monitoring for the detection of DoS attacks},
  author={Wang, Haining and Zhang, Danlu and Shin, Kang G},
  journal={Dependable and Secure Computing, IEEE Transactions on},
  volume={1},
  number={4},
  pages={193--208},
  year={2004},
  publisher={IEEE}
}

@ARTICLE{SpokoinyCP,
  title   = {Multiscale local change point detection with applications to value-at-risk},
  author  = {Spokoiny, V.},
  journal = {Ann. of Stat.},
  year    = {2009}
%  volume = {TODO}
%  pages = {TODO}
}

@ARTICLE{Bayes1,
  title   = {A fast Bayesian change point analysis for the segmentation of microarray data},
  author  = {Erdman, C. and Emerson, J.W.},
  journal = {Bioinform.},
  year    = {2008},
  volume = {24},
  pages = {2143--2148}
}

@ARTICLE{Bayes2,
  title   = {Adaptive Sequential Bayesian Change Point Detection},
    author={Turner, Ryan and Saatci, Yunus and Rasmussen, Carl Edward},
  journal = {Adv. in Neural Inf. Proc.Systems (NIPS): Temporal Segmentation Workshop},
  year    = {2009}
}


@TechReport{Econom2,
  author={Mikosch, T. and Starica, C.},
  title={{Changes of structure in financial time series and the GARCH model}},
  year=2004,
  institution={EconWPA},
  type={Econometrics},
  url={http://ideas.repec.org/p/wpa/wuwpem/0412003.html},
  number={0412003}
}

@ARTICLE{Shiryaev,
  title   = {Quickest Detection Problems: Fifty Years Later},
  author  = {Shiryaev, A.N.},
  journal = {Sequential Anal.: Design Methods and Applicat.},
  year    = {2010},
  volume = {29},
  pages = {345--385}
}


@ARTICLE{Param1,
  title   = {Likelihood procedure for testing change points hypothesis for multivariate Gaussian model},
  author  = {Chen, J. and Gupta, A.K.},
  journal = {Random Operators and Stochastic Equations},
  year    = {1995},
  volume = {3},
  pages = {235--244}
}

@ARTICLE{Param2,
  title   = {Sequential change-point detection when parameters are present in the pre-change distribution},
  author  = {Mey, Y.},
  journal = {Ann. of Stat.},
  year    = {2006},
  volume = {34},
  pages = {92--122}
}

@ARTICLE{NonParam1,
  title   = {A Nonparametric Approach for Multiple Change Point Analysis of Multivariate Data},
  author  = {Matteson, D.S. and James, N.A.},
  archivePrefix = "arXiv",
  eprint = {1306.4933v2},
  primaryClass = "stat.ME"
}

@ARTICLE{NonParam2,
  title   = {Nonparametric Sequential Change-Point Detection by a Vertically Trimmed Box Method},
  author  = {Rafajłowicz, E.},
  journal = {IEEE Trans. Inf. Theory},
  year    = {2010},
  volume = {56},
  pages = {3621--3634}
}



@electronic{RossCP,
  author        = "Ross, G.J.",
  title         = "Parametric and nonparametric sequential change detection in R: The cpm package",
  url           = " http://CRAN.R-project.org/package=cpm",
  year          = "2013"
}



@electronic{RPackage,
  title         = "changepoint: An R package for changepoint analysis",
  url           = "http://cran.r-project.org/web/packages/changepoint",
  year          = "2014"
}

@electronic{CPRepR,
  title         = "The Change Point Repository",
  url           = "http://www.changepoint.info/software.html",
  year          = "2014"
}

@electronic{BayesOnlineWeb,
  author        = "Adams, R.P and MacKay, D.J.C.",
  title         = "Bayesian Online Changepoint Detection",
  url           = "http://hips.seas.harvard.edu/content/bayesian-online-changepoint-detection",
  year          = "2007"
}

@electronic{GausMixtWeb,
  author        = "Turner, R.",
  title         = "{G}aussian Process Change Point Models",
  url           = "http://mlg.eng.cam.ac.uk/rdturner/code.html",
  year          = "2008"
}

@article{Freq1,
  title={A test for a change in a parameter occurring at an unknown point},
  author={Page, ES},
  journal={Biometrika},
  pages={523--527},
  year={1955},
  publisher={JSTOR}
}

@article{Freq2,
  title={An online kernel change detection algorithm},
  author={Desobry, Fr{\'e}d{\'e}ric and Davy, Manuel and Doncarli, Christian},
  journal={Signal Processing, IEEE Transactions on},
  volume={53},
  number={8},
  pages={2961--2974},
  year={2005},
  publisher={IEEE}
}

@article{multiscaleCP1,
  title={Multiscale change point inference},
  author={Frick, Klaus and Munk, Axel and Sieling, Hannes},
  journal={Journal of the Royal Statistical Society: Series B (Statistical Methodology)},
  volume={76},
  number={3},
  pages={495--580},
  year={2014},
  publisher={Wiley Online Library}
}

@article{multiscaleCP2,
  title={FDR-Contol in Multiscale Change-point Segmentation},
  author={Li, Housen and Munk, Axel and Sieling, Hannes},
  journal={arXiv preprint arXiv:1412.5844},
  year={2014}
}

@ARTICLE{paqf2013,
  author =       "V. Spokoiny and M. Zhilova",
  title =        "Sharp deviation bounds for quadratic forms",
  volume =       "22",
  number =       "2",
  pages =        "100--113",
  year =         "2013",
  journal =     "Mathematical Methods of Statistics",
}

\end{thebibliography}